@mastersthesis{1,
    author = {K. Lehman Pavasović},
    title = {Metode neglatke optimizacije u teoriji portfelja},
    school = {Sveučilište u Zagrebu, Prirodoslovno-matematički fakultet},
    type = {Diplomski rad},
    address = Zagreb,
    year = 2022,
}

@book{2,
    title = {Statistics and Data Analysis for Financial Engineering},
    author = {Ruppert David and Matteson, David S.},
    publisher = {Springer},
    year = 2015,
}
@book{NumerickaMatematika,
    title = "Uvod u numeričku matematiku za inženjere",
    author = {J. P. Milišić and A. Žgaljić Keko},
    publisher = {Element},
    year = 2014,
}

@article{GMBIzvod,
    title = {Deriving the Black-Scholes formula from
        Brownian motion},
    author = {J. Campana and C. Grenon},
    year = 2021,
}
